@misc{andasarihandout,
    author        = {Vivi Andasari},
    title         = {Lecture 8 Handout: Euler’s Methods},
    course 		  = {Numerical Methods Using Python},
    year          = {2015},
    howpublished  = {\url{http://people.bu.edu/andasari/courses/numericalpython/Week5Lecture8/ExtraHandout_Lecture8.pdf}},
    note		  = {Accessed: {2020–12-18}} 
}

@book{latexcompanion,
    author        = {Michel Goossens and Frank Mittelbach and Alexander Samarin},
    title         = {The \LaTeX\ Companion},
    year          = {1993},
    publisher     = {Addison-Wesley},
    location      = {Reading, Massachusetts}
}

@book{Fuhrer2001,
	author 		  = {F{\"{u}}hrer, Claus and Schroll, Achim},
	booktitle 	  = {Center for Mathematical Sciences, Lund University},
	edition       = {3rd},
	file          = {:F$\backslash$:/MiniThesis/Literature/Kompendium.pdf:pdf},
	title         = {{Numerical Analysis: An Introduction}},
	year          = {2001}
}

@manual{stutts_daniel_s_1995_4457929,
  title        = {{Analytical Dynamics: Lagrange's Equation and its 
                   Application – A Brief Introduction}},
  author       = {Stutts, Daniel S.},
  month        = nov,
  year         = 1995,
  doi          = {10.5281/zenodo.4457929},
  url          = {https://doi.org/10.5281/zenodo.4457929}
}